@book{dineen00,
    author    = "Sean Dineen",
    title     = "Probability Theory in Finance: A Mathematical Guide to the Black-Scholes Formula",
    publisher = "Americal Mathematic Society",
    year      = "2000",
}

@book{kittel80,
    author    = "Charles Kittel and Herbert Kroemer",
    title     = "Thermal Physics, second edition",
    publisher = "W. H. Freeman and Company",
    year      = "1980",
}

@book{billingsley,
    author    = "Billingsley",
    title     = "Probability (?)",
    publisher = "(?)",
    year      = "(?)",
}

@book{tanner96,
    author    = "Martin A. Tanner",
    title     = "Tools for Statistical Inference, 3rd ed.",
    publisher = "Springer",
    year      = "1996",
}

@book{bellman03,
    author    = "Richard Bellman",
    title     = "Dynamic Programming",
    publisher = "Dover Publications, Inc.",
    year      = "2003",
}

@article{greenberg95,
    author  = "Harvey J. Greenberg",
    title   = "Mathematical Programming Models for Environmental Quality Control",
    journal = "Operations Research",
    volume  = "43",
    number  = "4",
    year    = "1995",
    pages   = "578--622",
    file    = "mathematical_programming.pdf",
}

@book{gass75,
    author    = "Saul I. Gass",
    title     = "Linear Programming Methods and Applications 4th ed.",
    publisher = "McGraw-Hill Book Company",
    year      = "1975",
}

@book{platen06,
    author    = "Eckard Platen and David Heath",
    title     = "A Benchmark Approach to Quantitative Finance",
    publisher = "Springer Finance",
    year      = "2006",
}

@book{sontag98,
    author    = "Eduardo D. Sontag",
    title     = "Mathemtatical Control Theory",
    publisher = "Springer",
    year      = "1998",
}

@book{boyd04,
    author    = "Stephen Boyd and Lieven Vandenberghe",
    title     = "Convex Optimization",
    publisher = "Cambridge University Press",
    year      = "2004",
}

@book{brealey06,
    author    = "Richard A. Brealey and Stewart C. Meyers and Franklin Allen",
    title     = "Principles of Corporate Finance",
    publisher = "McGraw-Hill Irwin",
    year      = "2006",
}

@book{greene00,
    author    = "William H. Greene",
    title     = "Econometric Analysis Fourth Ed.",
    publisher = "Prentice Hall",
    year      = "2000",
}

@book{nordhaus94,
    author    = "William D. Nordhaus",
    title     = "Managing the Global Commons: The Economics of Climate Change",
    publisher = "The MIT Press",
    year      = "1994",
}

@book{karatzas91,
    author    = "Ioannis Karatzas and Steven E. Shreve",
    title     = "Brownian Motion and Stochastic Calculus",
    publisher = "Springer",
    year      = "1991",
}

@book{karatzas98,
    author    = "Ioannis Karatzas and Steven E. Shreve",
    title     = "Methods of Mathematical Finance",
    publisher = "Springer",
    year      = "1998",
}

@book{binmore92,
    author    = "Ken Binmore",
    title     = "Fun and Games: A Text on Game Theory",
    publisher = "D. C. Heath and Company",
    year      = "1992",
}

@book{mesterton01,
    author    = "Michael Mesterton-Gibbons",
    title     = "An Introduction to Game-Theoretic Modelling",
    publisher = "American Mathematical Society",
    year      = "2001",
}

@book{follmer04,
    author    = "Hans FÃ¶llmer and Alexande Schied",
    title     = "Stochastic Finance",
    publisher = "Walter de Grueter",
    year      = "2004",
}

@book{cerny09,
    author    = "Ales Cerny",
    title     = "Mathematical Techniques in Finance: Tools for Incomplete Markets, 2nd ed.",
    publisher = "Princeton University Press",
    year      = "2009",
}

@book{guj03,
    author    = "Damodar N. Gujerati",
    title     = "Basic Econometrics, 4th ed.",
    publisher = "McGraw Hill",
    year      = "2003",
}

@book{salt08,
    author    = "A. Saltelli et al.",
    title     = "Global Sensitivity Analysis, The Primer",
    publisher = "John Wiley and Sons Ltd.",
    year      = "2008",
}

@book{salt04,
    author    = "A. Saltelli et al.",
    title     = "Sensitivity Analysis in Practice",
    publisher = "John Wiley and Sons Ltd.",
    year      = "2004",
}

@book{bickel01,
    author    = "Peter Bickel and Kjell Doksum",
    title     = "Mathematical Statistics Vol. 1, 2nd ed.",
    publisher = "Prentice Hall",
    year      = "2001",
}

@book{brigham99,
    author    = "Eugene Brigham and Louis Gapenski and Michael Ehrhardt",
    title     = "Financial Management, Theory and Practice, 9th ed.",
    publisher = "Dryden",
    year      = "1999",
}

@book{aho06,
    author    = "Alfred Aho and Monica Lam and Ravi Sethi and Jeffrey Ullman",
    title     = "Compilers: Principles, Techniques and Tools, 2nd ed.",
    publisher = "Addison Wesley",
    year      = "2006",
}

@book{IPCC07,
    author    = "Intergovernmental Panel on Climate Change",
    title     = "Climate Change 2007: Working Group III: Mitigation of Climate Change",
    publisher = "Cambridge University Press",
    year      = "2007",
}

@book{burden01,
    author    = "Richard L. Burden and Dougles J. Faires",
    title     = "Numerical Analysis, 7th ed.",
    publisher = "Brooks/Cole",
    year      = "2001",
}

@book{shannon63,
    author    = "Claude E. Shannon and Warren Weaver",
    title     = "The Mathematical Theory of Communication",
    publisher = "Univ. of Illinois Press",
    year      = "1963",
}

@book{oppenheim89,
    author    = "Alan V. Oppenheim and Ronald W. Schafer",
    title     = "Discrete-Time Signal Processing",
    publisher = "Prentice Hall",
    year      = "1989",
}

@book{corman09,
    author    = "Thomas H. Cormen and Charles E. Leiserson and Ronald L. Rivest and Clifford Stein",
    title     = "Introduction to Algorithms, Third Edition",
    publisher = "MIT Press",
    year      = "2009",
}

@book{drew08,
    author    = "John H. Drew and Diane L. Evans and Andrew G. Glen and Lawrence M. Leemis",
    title     = "Computational Probability: Algorithms and Applications in the Mathematical Sciences",
    publisher = "Springer",
    year      = "2008",
}


 @book{nolan13,
    author = {J. P. Nolan},
    title = {Stable Distributions - Models for Heavy Tailed Data},
    year = {2013},
    publisher = {Birkhauser},
    address = {Boston},
    note = {In progress, Chapter 1 online at academic2.american.edu/$\sim$jpnolan}
} 

@phdthesis{fielden12,
    author      = "Thomas Robert Fielden",
    title       = "Modeling Market and Regulatory Mechanisms for Pollution Abatement with Sharp and Random Variables",
    school      = "Portland State University",
    year        = "2012",
}

%%%%% BELOW ARE EXAMPLES ONLY, UNREFERENCED %%%%%%%%%%%%%%%%%%%%%%%%%%%%%%%%%%%

@article{keohane09,
    author  = "Nathaniel O. Keohane",
    title   = "Cap and Trade, Rehabilitated: Using Tradeable Permits to Control U.S. GHG",
    journal = "Review of Environmental Economics and Policy",
    volume  = "3",
    number  = "1",
    year    = "2009",
    pages   = "1-21",
    file    = "Keohane_TradablePermits.pdf",
}

@techreport{caldwell09,
    author      = "Steve Caldwell",
    title       = "Cap-and-Trade Modeling: Initial Policy Run Results",
    institution = "Pew Center on Global Climate Change",
    year        = "2009",
    month       = "March",
    note        = "Presented to Accord Advisory Group",
}

