@book{brent73,
    author    = "Richard P. Brent",
    title     = "Algorithms for Minimization without Derivatives",
    publisher = "Prentice-Hall",
    year      = "1973",
}

@article{tausworthe09,
    author  = "Robert C. Tausworthe",
    title   = "Finding Every Root of a Broad Class of Real Continuous Functions in a Given Interval",
    journal = "IPN Progress Report",
    volume  = "42",
    number  = "176",
    year    = "2009",
    file    = "EveryRoot_NASA.pdf",
}

@article{zhang11,
    author  = "Zhengqiu Zhang",
    title   = "An Improvement to the Brent’s Method",
    journal = "International Journal of Experimental Algorithms (IJEA)",
    volume  = "2",
    number  = "1",
    year    = "2011",
    file    = "ImprovedBrentsMethod.pdf",
}

@book{nolan13,
    author = {J. P. Nolan},
    title = {Stable Distributions - Models for Heavy Tailed Data},
    year = {2013},
    publisher = {Birkhauser},
    address = {Boston},
    note = {In progress, Chapter 1 online at academic2.american.edu/$\sim$jpnolan}
} 

@phdthesis{fielden12,
    author      = "Thomas Robert Fielden",
    title       = "Modeling Market and Regulatory Mechanisms for Pollution Abatement with Sharp and Random Variables",
    school      = "Portland State University",
    year        = "2012",
}

@book{dineen00,
    author    = "Sean Dineen",
    title     = "Probability Theory in Finance: A Mathematical Guide to the Black-Scholes Formula",
    publisher = "Americal Mathematic Society",
    year      = "2000",
}

@book{kittel80,
    author    = "Charles Kittel and Herbert Kroemer",
    title     = "Thermal Physics, second edition",
    publisher = "W. H. Freeman and Company",
    year      = "1980",
}

@book{billingsley,
    author    = "Billingsley",
    title     = "Probability (?)",
    publisher = "(?)",
    year      = "(?)",
}

@article{coase60,
    author  = "Ronald H. Coase",
    title   = "The Problem of Social Cost",
    journal = "J. Law and Economics",
    year    = "1960",
}

@article{hoffman82,
    author  = "Elizabeth Hoffman and Matthew L. Spitzer",
    title   = "The Coase Theorem: Some Experimental Tests",
    journal = "J. Law and Economics",
    volume  = "25",
    number  = "1",
    pages   = "73--98",
    year    = "1982",
}

@article{cox79,
    author  = "John C. Cox and Stephen A. Ross and Mark Rubinstein",
    title   = "Option Pricing:  A Simplified Approach",
    journal = "Journal of Financial Economics",
    year    = "1979",
}

@article{weitzman74,
    author      = "Martin L. Weitzman",
    title       = "Prices vs. Quantities",
    journal     = "The Review of Economic Studies",
    volume      = "41",
    number      = "4",
    month       = "October",
    pages       = "477--491",
    year        = "1974",
    institution = "Massachusetts Institute of Technology",
}

@article{mandell08,
    author  = "Svante Mandell",
    title   = "Optimal Mix of Emissions Taxes and Cap-and-Trade",
    journal = "J. Env. Econ. and Mgmt.",
    volume  = "56",
    pages   = "131--140",
    year    = "2008",
}

@article{greenberg95,
    author  = "Harvey J. Greenberg",
    title   = "Mathematical Programming Models for Environmental Quality Control",
    journal = "Operations Research",
    volume  = "43",
    number  = "4",
    year    = "1995",
    pages   = "578--622",
    file    = "mathematical_programming.pdf",
}

@article{cooper97,
    author  = "W. W. Cooper and H. Hemphill and Z. Huang and S. Li and V. Lelas and D. W. Sullivan",
    title   = "Survey of mathematical programming models in air pollution management ",
    journal = "European Journal of Operational Research",
    volume  = "96",
    number  = "1",
    year    = "1997",
    pages   = "1--35",
}

@article{rowse90,
    author  = "John Rowse",
    title   = "Discount Rate Choice and Efficiency in Exhaustible Resource Allocation",
    journal = "The Canadian Journal of Economics",
    volume  = "23",
    number  = "4",
    month   = "Nov.",
    year    = "1990",
    pages   = "772--790",
    note    = "discount_rate_choice.pdf",
}

@article{scrieciu07,
    author  = "S. Serban Scrieciu",
    title   = "The inherent dangers of using computable general equilibrium models as a single integrated modelling framework for sustainability impact assessment. A critical note on Böhringer and Löschel (2006)",
    journal = "Ecological Economics",
    volume  = "60",
    number  = "4",
    year    = "2007",
    pages   = "678--684",
}

@article{loulou99,
    author  = "Richard Loulou and Amit Kanudia",
    title   = "Minimax regret strategies for greenhouse gas abatement: methodology and application",
    journal = "Operations Research Letters",
    volume  = "25",
    number  = "5",
    year    = "1999",
    pages   = "219--230",
}

@article{colby00,
    author  = "Bonnie G. Colby",
    title   = "Cap-and-Trade Policy Challenges: A Tale of Three Markets",
    journal = "Land Economics",
    volume  = "76",
    number  = "4",
    year    = "2000",
}

@article{napolitano07,
    author  = "Sam Napolitano and Jeremy Schreifels and Gabrielle Stevens and Maggie Witt and Melanie LaCount and Reynaldo Forte and Kenon Smith",
    title   = "The U.S. Acid Rain Program: Key Insights from the Design, Operation, and Assessment of a Cap-and-Trade Program",
    journal = "The Electricity Journal",
    volume  = "20",
    number  = "7",
    year    = "2007",
}

@article{jorgenson09,
    author  = "Dale Jorgenson and Richard Goettle and Mun Sing Ho and Peter Wilcoxen",
    title   = "Cap and trade climate policy and U.S. economic adjustments",
    journal = "Journal of Policy Modeling",
    volume  = "31",
    number  = "3",
    year    = "2009",
    pages   = "361--381",
}

@article{buchner05,
    author  = "Barbara Buchner and Carlo Carraro",
    title   = "Modelling climate policy: Perspectives on future negotiations",
    journal = "Journal of Policy Modeling",
    volume  = "27",
    number  = "6",
    year    = "2005",
    pages   = "711--732",
}

@article{dutta97,
    author  = "Prajit K. Dutta and Ananth Madhavan",
    title   = "Competition and Collusion in Dealer Markets",
    journal = "The Journal of Finance",
    volume  = "52",
    number  = "1",
    year    = "1997",
    pages   = "245--276",
}

@article{haughton03,
    author  = "Dominique Haughton and Joel Deichmann and Abdolreza Eshghi and Selin Sayek and Nicholas Teebagy and Heikki",
    title   = "A Review of Software Packages for Data Mining",
    journal = "The American Statistician",
    volume  = "57",
    number  = "4",
    year    = "2003",
    pages   = "290--309",
}

@article{cribari97,
    author  = "Francisco Cribari-Neto",
    title   = "Econometric Programming Environments: GAUSS, Ox and S-PLUS",
    journal = "Journal of Applied Econometrics",
    volume  = "12",
    number  = "1",
    year    = "1997",
    pages   = "77--89",
}

@article{karoui95,
    author  = "Nicole El Karoui and Marie-Claire Quenez",
    title   = "Dynamic Programming and Pricing of Contingent Claims in an Incomplete Market",
    journal = "SIAM Journal on Control and Optimization",
    volume  = "33",
    number  = "1",
    year    = "1995",
    pages   = "29--66",
}

@article{karatzas91b,
    author  = "Ioannis Karatzas and John P. Lehoczky and Steven E. Shreve, and Gan-Lin Xu",
    title   = "Martingale and Duality Methods for Utility Maximization in an Incomplete Market",
    journal = "SIAM Journal on Control and Optimization",
    volume  = "29",
    number  = "3",
    year    = "1991",
    pages   = "702--730",
}

@article{fama91,
    author  = "Eugene F. Fama",
    title   = "Efficient Capital Markets: II",
    journal = "The Journal of Finance",
    volume  = "46",
    number  = "5",
    year    = "1991",
    pages   = "1575--1617",
}

@article{ramsey28,
    author  = "F.P. Ramsey",
    title   = "A Mathematical Theory of Saving",
    journal = "The Economic Journal",
    volume  = "38",
    number  = "152",
    year    = "1928",
    pages   = "543--559",
}

@article{arrow70,
    author  = "Kenneth J. Arrow and Mardecai Kurz",
    title   = "Optimal Growth with Irrecersible Investment in a Ramsey Model",
    journal = "Econometrica",
    volume  = "38",
    number  = "2",
    year    = "1970",
    pages   = "331--344",
}

@article{burton70,
    author  = "Ellison S. Burton and William Sanjour",
    title   = "A simulation approach to air pollution abatement program planning",
    journal = "Socio-Economic Planning Sciences",
    volume  = "4",
    number  = "1",
    year    = "1970",
    pages   = "147--159",
    file    = "burton_sanjour.pdf",
}

@article{hinkley69,
    author  = "D. V. Hinkley",
    title   = "On the Ratio of Two Correlated Normal Random Variables",
    journal = "Biometrika",
    volume  = "56",
    number  = "3",
    year    = "1969",
    pages   = "635--639",
    file    = "RatioRandomVariables.pdf",
}

@article{geary30,
    author  = "R. C. Geary",
    title   = "The Frequency Distribution of the Quotient of Two Normal Variates",
    journal = "J. Royal Statistical Society",
    volume  = "93",
    number  = "3",
    year    = "1930",
    pages   = "442--446",
    file    = "QuotientRandomVariables.pdf",
}

@article{cedilnik06,
    author  = "Anton Cedilnik and Katarina Kosmelj and Andrej Blejec",
    title   = "Ratio of Two Random Variables: A Note on the Existence of its Moments",
    journal = "Metodoloski zvezki",
    volume  = "3",
    number  = "1",
    year    = "2006",
    pages   = "1-7",
    file    = "RatioRandomVariablesMoments.pdf",
}

@article{weare07,
    author  = "Jonathan Weare",
    title   = "Efficient Monte Carlo Sampling by Parallel Marginalization",
    journal = "Proc. of the Nat. Academy of Sciences of the United States of America",
    volume  = "104",
    number  = "31",
    year    = "2007",
    pages   = "12657-12662",
    file    = "MarkovChainMonteCarlo.pdf",
}

@article{keohane09,
    author  = "Nathaniel O. Keohane",
    title   = "Cap and Trade, Rehabilitated: Using Tradeable Permits to Control U.S. Greenhouse Gases",
    journal = "Review of Environmental Economics and Policy",
    volume  = "3",
    number  = "1",
    year    = "2009",
    pages   = "1-21",
    file    = "Keohane_TradablePermits.pdf",
}

@unpublished{carmona08,
    author  = "Rene Carmona and Max Fehr and Juri Heinz and Arnaud Porchet",
    title   = "Market Design for Emission Trading Schemes",
    year    = "2008",
    note    = "preprint",
    comment = "XXXXXXX",
}

@book{magill02,
    author    = "Michael Magill and Martine Quinzii",
    title     = "Theory of Incomplete Markets, Vol. 1",
    publisher = "The MIT Press",
    year      = "2002",
}

@book{diamond07,
    editor    = "Peter Diamond and Hannu Vartiainen",
    title     = "Behavioral Economics and Its Applications",
    publisher = "Princeton University Press",
    year      = "2007",
}

@book{bellman03,
    author    = "Richard Bellman",
    title     = "Dynamic Programming",
    publisher = "Dover Publications, Inc.",
    year      = "2003",
}

@book{gass75,
    author    = "Saul I. Gass",
    title     = "Linear Programming Methods and Applications 4th ed.",
    publisher = "McGraw-Hill Book Company",
    year      = "1975",
}

@book{platen06,
    author    = "Eckard Platen and David Heath",
    title     = "A Benchmark Approach to Quantitative Finance",
    publisher = "Springer Finance",
    year      = "2006",
}

@book{sontag98,
    author    = "Eduardo D. Sontag",
    title     = "Mathemtatical Control Theory",
    publisher = "Springer",
    year      = "1998",
}

@book{boyd04,
    author    = "Stephen Boyd and Lieven Vandenberghe",
    title     = "Convex Optimization",
    publisher = "Cambridge University Press",
    year      = "2004",
}

@book{brealey06,
    author    = "Richard A. Brealey and Stewart C. Meyers and Franklin Allen",
    title     = "Principles of Corporate Finance",
    publisher = "McGraw-Hill Irwin",
    year      = "2006",
}

@book{greene00,
    author    = "William H. Greene",
    title     = "Econometric Analysis Fourth Ed.",
    publisher = "Prentice Hall",
    year      = "2000",
}

@book{nordhaus94,
    author    = "William D. Nordhaus",
    title     = "Managing the Global Commons: The Economics of Climate Change",
    publisher = "The MIT Press",
    year      = "1994",
}

@book{karatzas91,
    author    = "Ioannis Karatzas and Steven E. Shreve",
    title     = "Brownian Motion and Stochastic Calculus",
    publisher = "Springer",
    year      = "1991",
}

@book{karatzas98,
    author    = "Ioannis Karatzas and Steven E. Shreve",
    title     = "Methods of Mathematical Finance",
    publisher = "Springer",
    year      = "1998",
}

@book{binmore92,
    author    = "Ken Binmore",
    title     = "Fun and Games: A Text on Game Theory",
    publisher = "D. C. Heath and Company",
    year      = "1992",
}

@book{mesterton01,
    author    = "Michael Mesterton-Gibbons",
    title     = "An Introduction to Game-Theoretic Modelling",
    publisher = "American Mathematical Society",
    year      = "2001",
}

@book{tanner96,
    author    = "Martin A. Tanner",
    title     = "Tools for Statistical Inference, 3rd ed.",
    publisher = "Springer",
    year      = "1996",
}

@book{follmer04,
    author    = "Hans Föllmer and Alexande Schied",
    title     = "Stochastic Finance",
    publisher = "Walter de Grueter",
    year      = "2004",
}

@book{cerny09,
    author    = "Ales Cerny",
    title     = "Mathematical Techniques in Finance: Tools for Incomplete Markets, 2nd ed.",
    publisher = "Princeton University Press",
    year      = "2009",
}

@book{guj03,
    author    = "Damodar N. Gujerati",
    title     = "Basic Econometrics, 4th ed.",
    publisher = "McGraw Hill",
    year      = "2003",
}

@book{salt08,
    author    = "A. Saltelli et al.",
    title     = "Global Sensitivity Analysis, The Primer",
    publisher = "John Wiley and Sons Ltd.",
    year      = "2008",
}

@book{salt04,
    author    = "A. Saltelli et al.",
    title     = "Sensitivity Analysis in Practice",
    publisher = "John Wiley and Sons Ltd.",
    year      = "2004",
}

@book{bickel01,
    author    = "Peter Bickel and Kjell Doksum",
    title     = "Mathematical Statistics Vol. 1, 2nd ed.",
    publisher = "Prentice Hall",
    year      = "2001",
}

@book{brigham99,
    author    = "Eugene Brigham and Louis Gapenski and Michael Ehrhardt",
    title     = "Financial Management, Theory and Practice, 9th ed.",
    publisher = "Dryden",
    year      = "1999",
}

@book{aho06,
    author    = "Alfred Aho and Monica Lam and Ravi Sethi and Jeffrey Ullman",
    title     = "Compilers: Principles, Techniques and Tools, 2nd ed.",
    publisher = "Addison Wesley",
    year      = "2006",
}

@book{IPCC07,
    author    = "Intergovernmental Panel on Climate Change",
    title     = "Climate Change 2007: Working Group III: Mitigation of Climate Change",
    publisher = "Cambridge University Press",
    year      = "2007",
}

@book{burden01,
    author    = "Richard L. Burden and Dougles J. Faires",
    title     = "Numerical Analysis, 7th ed.",
    publisher = "Brooks/Cole",
    year      = "2001",
}

@book{shannon63,
    author    = "Claude E. Shannon and Warren Weaver",
    title     = "The Mathematical Theory of Communication",
    publisher = "Univ. of Illinois Press",
    year      = "1963",
}

@book{oppenheim89,
    author    = "Alan V. Oppenheim and Ronald W. Schafer",
    title     = "Discrete-Time Signal Processing",
    publisher = "Prentice Hall",
    year      = "1989",
}

@book{corman09,
    author    = "Thomas H. Cormen and Charles E. Leiserson and Ronald L. Rivest and Clifford Stein",
    title     = "Introduction to Algorithms, Third Edition",
    publisher = "MIT Press",
    year      = "2009",
}

@book{drew08,
    author    = "John H. Drew and Diane L. Evans and Andrew G. Glen and Lawrence M. Leemis",
    title     = "Computational Probability: Algorithms and Applications in the Mathematical Sciences",
    publisher = "Springer",
    year      = "2008",
}


@phdthesis{nelson06,
    author      = "Hal Thomas Nelson",
    title       = "The Interactions Between Carbon Regulation and Renewable Energy Policies in the United Kingdom",
    school      = "Portland State University",
    year        = "2006",
}

@techreport{caldwell09,
    author      = "Steve Caldwell",
    title       = "Cap-and-Trade Modeling: Initial Policy Run Results",
    institution = "Pew Center on Global Climate Change",
    year        = "2009",
    month       = "March",
    note        = "Presented to Accord Advisory Group",
}

@techreport{ab32,
    author      = "Fabian Nuñez and Fran Pavley",
    title       = "California Global Warming Solutions Act of 2006",
    institution = "California Legislature",
    year        = "2006",
}

@techreport{roland-holst05,
    author      = "David Roland-Holst",
    title       = "Berkeley Energy and Resources Model: Technical Documentation",
    institution = "Agricultural and Resource Economics, University of California Berkeley,",
    year        = "2005",
}

@techreport{roland-holst06,
    author      = "David Roland-Holst",
    title       = "Economic Growth and Greenhouse Gas Mitigation in California",
    institution = "Agricultural and Resource Economics, University of California Berkeley,",
    year        = "2006",
}

@techreport{roland-holst06b,
    author      = "David Roland-Holst",
    title       = "Economic Assessment of some California Greenhouse Gas Control Policies: Applications of the BEAR Model",
    institution = "Agricultural and Resource Economics, University of California Berkeley,",
    year        = "2006",
    note        = "Chapter 2 of Supplemental report of AB 32 Climate Change Draft Scoping Plan Document",
}

@techreport{cat06,
    author      = "Califonia Climate Action Team",
    title       = "Climate Action Team Report to Governor Schwarzenegger and the Legislature",
    institution = "California Evironmental Protection Agengy",
    year        = "2006",
}

@techreport{stavins07,
    author      = "Robert N. Stavins and Judson Jaffe and Todd Schatzki",
    title       = "Too good to be True? An Examination of Three Economic Assessments of California Climate Change Policy.",
    institution = "The National Bureau of Economic Research",
    year        = "2007",
}

@techreport{wassmer06,
    author      = "Robert W. Wassmer",
    title       = "Evaluation of Climate Action Team Report to the Governor and Legislature",
    institution = "Public Policy and Economics California State University, Sacramento",
    year        = "2006",
}

@techreport{eckman05,
    author      = "Tom Eckman",
    title       = "Conservation Resources",
    institution = "Northwest Power Planning Council",
    year        = "2005",
    note        = "Supplement 3 of Fifth Northwest Electric Power and Conservation Plan",
}

@techreport{mit07,
    author      = "Angelo Gurgel and Sergey Paltsev and John Reilly and Gilbert Metcalf",
    title       = "U.S. Greenhouse Gas Cap-and-Trade Proposals: Application of a Forward-Looking Computable General Equilibrium Model",
    institution = "Massachusetts Institute of Technology",
    year        = "2007",
    note        = "EPPA model",
}

@techreport{cbo08,
    author      = "Congressional Budget Office",
    title       = "The Methodology Behind the Levelized Cost Analysis",
    institution = "Congressional Budget Office",
    year        = "2008",
    note        = "Web Supplement to study of nuclear power's role in generating electricity",
}

@techreport{markal92,
    author      = "A. S. Manne and C. O. Wene",
    title       = "MARKAL-MACRO: A linked model for energy-economy analysis",
    institution = "Brookhaven National Lab., Upton, NY (United States)",
    year        = "1992",
}

@techreport{grande98,
    author      = "Java Grande Forum",
    title       = "Improving Java for Numerical Computation",
    institution = "NIST: Numerics Working Group",
    year        = "1998",
    note        = "http://math.nist.gov/javanumerics/reports/jgfnwg-01.html",
}

@techreport{gray02,
    author      = "John E. Gray and Stephen R. Addison",
    title       = "Characteristic Functions in Radar and Sonar",
    institution = "System Theory, 2002. Proceedings of the 34th Southeastern Symposium on",
    year        = "2002",
    file        = "CharacteristicFunctionsInRadar.pdf",
}

@techreport{kohl11,
    author      = " Matthias Kohl and Peter Ruckdeschel",
    title       = " Implementation of random variables",
    institution = "Stamats.de",
    year        = "2011",
    file        = "RandVar_Manual.pdf",
}

