@article{tausworthe09,
    author  = "Robert C. Tausworthe",
    title   = "Finding Every Root of a Broad Class of Real Continuous Functions in a Given Interval",
    journal = "IPN Progress Report",
    volume  = "42",
    number  = "176",
    year    = "2009",
    file    = "EveryRoot_NASA.pdf",
}

@article{zhang11,
    author  = "Zhengqiu Zhang",
    title   = "An Improvement to the Brentâ€™s Method",
    journal = "International Journal of Experimental Algorithms (IJEA)",
    volume  = "2",
    number  = "1",
    year    = "2011",
    file    = "ImprovedBrentsMethod.pdf",
}

@article{keohane09,
    author  = "Nathaniel O. Keohane",
    title   = "Cap and Trade, Rehabilitated: Using Tradeable Permits to Control U.S. GHG",
    journal = "Review of Environmental Economics and Policy",
    volume  = "3",
    number  = "1",
    year    = "2009",
    pages   = "1-21",
    file    = "Keohane_TradablePermits.pdf",
}

@unpublished{carmona08,
    author  = "Rene Carmona and Max Fehr and Juri Heinz and Arnaud Porchet",
    title   = "Market Design for Emission Trading Schemes",
    year    = "2008",
    note    = "preprint",
    comment = "XXXXXXX",
}

@book{burden01,
    author    = "Richard L. Burden and Dougles J. Faires",
    title     = "Numerical Analysis, 7th ed.",
    publisher = "Brooks/Cole",
    year      = "2001",
}

@book{brent73,
    author    = "Richard P. Brent",
    title     = "Algorithms for Minimization without Derivatives",
    publisher = "Prentice-Hall",
    year      = "1973",
}

@book{dineen00,
    author    = "Sean Dineen",
    title     = "Probability Theory in Finance: A Mathematical Guide to the Black-Scholes Formula",
    publisher = "Americal Mathematic Society",
    year      = "2000",
}

@book{gass75,
    author    = "Saul I. Gass",
    title     = "Linear Programming Methods and Applications 4th ed.",
    publisher = "McGraw-Hill Book Company",
    year      = "1975",
}

@phdthesis{fielden12,
    author      = "Thomas Robert Fielden",
    title       = "Modeling Market and Regulatory Mechanisms for Pollution Abatement with Sharp and Random Variables",
    school      = "Portland State University",
    year        = "2012",
}

@phdthesis{nelson06,
    author      = "Hal Thomas Nelson",
    title       = "The Interactions Between Carbon Regulation and Renewable Energy Policies in the United Kingdom",
    school      = "Portland State University",
    year        = "2006",
}

@techreport{caldwell09,
    author      = "Steve Caldwell",
    title       = "Cap-and-Trade Modeling: Initial Policy Run Results",
    institution = "Pew Center on Global Climate Change",
    year        = "2009",
    month       = "March",
    note        = "Presented to Accord Advisory Group",
}


